@electronic{ dragon6, title={DRAGON software for the Calculation of Molecular Descriptors, version 6 for windows}, author={Todeschini, R. and Consonni, V.}, year={2014}}
 @article{rasulev2006, title={Structure-toxicity relationships of nitroaromatic compounds}, volume={10}, DOI={10.1007/s11030-005-9002-4}, number={2}, journal={Molecular Diversity}, author={Isayev, Olexandr and Rasulev, Bakhtiyor and Gorb, Leonid and Leszczynski, Jerzy}, year={2006}, pages={233–245}}
 @article{rohlf1968, title={Tests for hierarchical structure in random data sets}, volume={17}, DOI={10.1093/sysbio/17.4.407}, number={4}, journal={Systematic Biology}, author={Rohlf, F. J. and Fisher, D. R.}, year={1968}, pages={407–412}}
